<?xml version="1.0" encoding="UTF-8"?><collection xmlns="http://www.loc.gov/MARC21/slim"><record><leader>00367nam--2200133-i-4500</leader><controlfield tag="001">000034927</controlfield><controlfield tag="002">20161230</controlfield><controlfield tag="005">20161230201040</controlfield><controlfield tag="008">060222s1000------------r-----000-0-eng-d</controlfield><datafield ind1=" " ind2=" " tag="080"><subfield code="a">517</subfield></datafield><datafield ind1=" " ind2=" " tag="100"><subfield code="a">Nake, Friederick</subfield></datafield><datafield ind1=" " ind2=" " tag="245"><subfield code="a">Uber die anzahl der reellen losungen zufallinger gleichungssysteme</subfield></datafield><datafield ind1=" " ind2=" " tag="260"><subfield code="a">Sttutgart, Technische Hochschule, 1967. 73p</subfield></datafield><datafield ind1=" " ind2=" " tag="852"><subfield code="a">28276</subfield></datafield></record></collection>